@article{test,
    title = {Une référence},
    journal   = {Big brother journal},
    year      = {2024},
    volume    = {1},
    number    = {1},
    pages     = {1--10},
}